@inproceedings{Hillenbrand07,
  author = {Carsten Hillenbrand and Daniel Schmidt and Karsten Berns and Tim Leichner and Tobias Gastauer and Bernd Sauer},
  title = {Development of a sealing system for a climbing robot with negative pressure adhesion},
  booktitle = {10th International Conference on Climbing and Walking Robots (CLAWAR)},
  year = {2007},
  pages = {115 - 124},
  month = {July 16-18},
}

@inproceedings{Brouwer75,
  author = {Arend Heyting, Hans Freudenthal},
  title = {Collected Works of L.E.J Brouwer, North Holland Elsevier},
  year = {1975},
}

@inproceedings{Fukunaga76,
  author = {K. Fukunaga, D. R. Olsen},
  title = {An algorithm for finding intrinsic dimensionality of data},
  booktitle = {IEEE Transactions on Computers 20},
  year = {1976},
  pages = {165 - 171},
}

@inproceedings{Pettis79,
  author = {K. Pettis, T. Bailey, T. Jain},
  title = {An intrinsic dimensionality estimator from near-neighbor information},
  booktitle = {IEEE Transaction on Pattern Analysis and Machine Intelligence},
  year = {1979},
  pages = {25-37},
}

@inproceedings{Martinetz94,
  author = {T. Martinetz, K. Schulten},
  title = {Topology representing networks, Neural Networks},
  year = {1994},
  pages = {507-522},
}
@inproceedings{Trunk76,
  author = {G. V. Trunk},
  title = { Statistical estimation of the intrinsic dimensionality of a noisy signal collection},
  booktitle = {IEEE Transaction on Computers 25},
  year = {1976},
  pages = {165-171},
}
@inproceedings{Bruske98,
  author = {J. Bruske, G. Sommer},
  title = {Intrinsic dimensionality estimation with optimally topology preserving maps},
  booktitle = { IEEE Transactions on Pattern Analysis and Machine Intelligence 20 (5)},
  year = {1998},
  pages = {572-575},
}
@inproceedings{Kirby01,
  author = {M. Kirby},
  title = {Geometric Data Analysis: An Empirical Approach to Dimensionality Reduction and the Study of Patterns},
  booktitle = {John Wiley and Sons},
  year = {2001},
}
@inproceedings{Jollife86,
  author = {I. T. Jollife},
  title = {Principal Component Analysis},
  booktitle = {Springer-Verlag},
  year = {1986},
}
@inproceedings{Vetterling89,
  author = {W. H. Press, B. P. Flannery, W. T. Vetterling},
  title = {Numerical Recipes: The Art of Scientific Computing},
  booktitle = {Cambridge University Press},
  year = {1989},
}
@inproceedings{Fotheringhame97,
  author = {D. Fotheringhame, R. J. Baddeley},
  title = {Nonlinear principal component analysis of neuronal spike train data},
  booktitle = {Biological Cybernetics 77},
  year = {1997},
  pages = {282-288},
}

@inproceedings{Malthouse98,
  author = {E. C. Malthouse},
  title = {Limitations of nonlinear pca as performed with generic neural networks},
  booktitle = { IEEE Transaction on Neural Networks 9 (1)},
  year = {1998},
  pages = {165-173},
}
@inproceedings{Ressel84,
  author = { C. Berg, J. P. R. Christensen, P. Ressel},
  title = {Harmonic analysis on semigroups},
  booktitle = {Springer-Verlag},
  year = {1984},
}
@inproceedings{Camastra02,
  author = {F. Camastra},
  title = { Kernel methods for unsupervised learning, Phd Thesis Progress Report},
  booktitle = {University of Genova},
  year = {2002},
}
@inproceedings{Kirby2000,
  author = { D. S. Broomhead, M. Kirby},
  title = { A new approach to dimensionality reduction: Theory and algorithms},
  booktitle = {SIAM Journal of Applied Mathematics 60 (6)},
  year = {2000},
  pages = {2114-2142}
}
@inproceedings{Kruskal64,
  author = {J. B. Kruskal},
  title = {Multidimensional scaling by optimizing goodness of fit to a nonmetric hypothesis},
  booktitle = {Psychometrika 29},
  year = {1964},
  pages = {1-27}
}
@inproceedings{Shepard62,
  author = {R. N. Shepard},
  title = {The analysis of proximities: Multimensional scaling with an unknown distance function},
  booktitle = {Psychometrika 27},
  year = {1962},
  pages = {125-140}
}
@inproceedings{Bhavani08,
  author = { S.D. Bhavani, T.S. Rani and R.S. Bapi},
  title = {Feature Selection Using Correlation Fractal Dimension: Issues and Applications in Binary Classification Problems},
  booktitle = {Applied Soft Computing},
  year = {2008},
  pages = {555-563}
}
@inproceedings{CamastraOct2002,
  author = {F. Camastra and A. Vinciarelli},
  title = {Estimating the Intrinsic Dimension of Data with a Fractal-Based Method},
  booktitle = {IEEE Trans. Pattern Analysis and Machine Intelligence},
  year = {Oct. 2002},
  pages = {1404-1407}
}

@inproceedings{Fukunaga82,
  author = {K. Fukunaga},
  title = {Handbook of Statistics: Classification, Pattern Recognition and Reduction of Dimensionality},
  booktitle = {P.R. Krishnaiah and L.N. Kanal},
  year = {1982},
  pages = {347-360}
}
@inproceedings{CamastraVinciarelli02,
  author = {Francesco Camastra, Alessandro Vinciarelli},
  title = {Estimating the Intrinsic Dimension of Data with a Fractal-Based Method},
  booktitle = {IEEE TRANSACTIONS ON PATTERN ANALYSIS AND MACHINE INTELLIGENCE},
  year = {2002},
}
@inproceedings{Grassberger83,
  author = {P. Grassberger, I. Procaccia},
  title = {Measuring the Strangeness of Strange Attractors},
  booktitle = {Physica, vol. D9},
  year = {1983},
  pages = {189-208}
}
@inproceedings{Smith92,
  author = {R.L. Smith},
  title = {Optimal Estimation of Fractal Dimension},
  booktitle = {Nonlinear Modeling and Forecasting, SFI Studies in the Sciences of Complexity},
  year = {1992},
  pages = {115-135}
}
@inproceedings{Takens85,
  author = {F. Takens},
  title = {On the Numerical Determination of the Dimension of an Attractor},
  booktitle = {Proc. Groningen 1984 Dynamical Systems and Bifurcations, B. Braaksma, H. Broer, and F. Takens, eds., no. 1125},
  year = {1985},
  pages = {99-106}
}
@inproceedings{Bishop95,
  author = {C. Bishop},
  title = {Neural Networks for Pattern Recognition},
  booktitle = {Cambridge University Press},
  year = {1995},
}

@inproceedings{Muller98,
  author = {A. Smola, K. R. Muller},
  title = {Nonlinear component analysis as a kernel eigenvalue problem},
  booktitle = {Neural Computation 10},
  year = {1998},
  pages = {1299-1319}
}
@inproceedings{Whitney36,
  author = { H. Whitney},
  title = {Differentiable manifolds},
  booktitle = {Annals of Math. 37},
  year = {1936},
  pages = {645-680}
}
@inproceedings{Eckmann92,
  author = {J.P. Eckmann and D. Ruelle},
  title = {Fundamental Limitations for Estimating Dimensions and Lyapounov Exponents in Dynamical Systems},
  booktitle = {Physica, vol. D56},
  year = {1992},
  pages = {185-187}
}
@inproceedings{Smith88,
  author = {L.A. Smith},
  title = {Intrinsic Limits on Dimension Calculations},
  booktitle = {Physics Letters, vol. A133},
  year = {1988},
  pages = {283-288}
}
@inproceedings{Schwartz78,
  author = {G. Schwartz},
  title = {Estimating the Dimension of a Mode},
  booktitle = {Annals of Statistics, vol. 6},
  year = {1978},
  pages = {497-511}
}
@inproceedings{Tang94,
  author = {U. Hubner and C.O. Weiss and N.B. Abraham and D. Tang},
  title = {Lorenz-Like Chaos \(NH_3-FIR\) Lasers},
  booktitle = {Time Series Prediction. Forecasting the Future and Understanding the Past},
  year = {1994},
  pages = {73-104}
}
@inproceedings{Pineda94,
  author = {F.J. Pineda and J.C. Sommerer},
  title = {Estimating Generalized Dimensions and Choosing Time Delays: A Fast Algorithm},
  booktitle = {Time Series Prediction. Forecasting the Future and Understanding the Past},
  year = {1994},
  pages = {367-385}
}
@inproceedings{Kaplan95,
  author = {D. Kaplan and L. Glass},
  title = { Understanding Nonlinear Dynamics},
  booktitle = {New York: Springer-Verlang},
  year = {1995},
}
@inproceedings{Ott93,
  author = {E. Ott},
  title = {  Chaos in Dynamical Systems},
  booktitle = { Cambridge, UK: Cambridge Univ. Press},
  year = {1993},
}

@Misc{WWWGoogle,
  key =	{Website},
  title = {Website of Google},
  howpublished = {\url{http://www.google.de}},
  year = {2013},
  note = {Accessed at}
}
